@article{TheLinkPredictionProblemForSocialNetworks,
 author = {Liben-Nowell, David and Kleinberg, Jon},
 title = {The Link-prediction Problem for Social Networks},
 journal = {J. Am. Soc. Inf. Sci. Technol.},
 issue_date = {May 2007},
 volume = {58},
 number = {7},
 month = may,
 year = {2007},
 issn = {1532-2882},
 pages = {1019--1031},
 numpages = {13},
 url = {http://dx.doi.org/10.1002/asi.v58:7},
 doi = {10.1002/asi.v58:7},
 acmid = {1241551},
 publisher = {John Wiley \& Sons, Inc.},
 address = {New York, NY, USA},
 keywords = {collaboration, communication patterns, forecasting, joint authorship, social networking},
}

@inproceedings{PintrestProject,
author = {Amani V. Peddada, Lindsey Kostas},
title = {Users and Pins and Boards, Oh My! Temporal Link Prediction over the Pinterest Network},
month = december,
year = {2016},
url = {http://snap.stanford.edu/cs224w-17-data/best-reports-16/peddada_kostas.pdf},
keywords = {},
}

@inproceedings{PredictionYelpReviewStarRatingUsingSentimentAnalysis,
author = {Chen Li, Jin Zhang},
title = {Prediction of Yelp Review Star Raging using Sentiment Analysis},
month = december,
year = {2014},
url = {http://cs229.stanford.edu/proj2014/Chen%20Li,%20Jin%20Zhang,%20Prediction%20of%20Yelp%20Review%20Star%20Rating%20using%20Sentiment%20Analysis.pdf},
keywords = {},
}

@inproceedings{Leskovec:2010:PPN:1772690.1772756,
 author = {Leskovec, Jure and Huttenlocher, Daniel and Kleinberg, Jon},
 title = {Predicting Positive and Negative Links in Online Social Networks},
 booktitle = {Proceedings of the 19th International Conference on World Wide Web},
 series = {WWW '10},
 year = {2010},
 isbn = {978-1-60558-799-8},
 location = {Raleigh, North Carolina, USA},
 pages = {641--650},
 numpages = {10},
 url = {http://doi.acm.org/10.1145/1772690.1772756},
 doi = {10.1145/1772690.1772756},
 acmid = {1772756},
 publisher = {ACM},
 address = {New York, NY, USA},
 keywords = {distrust, negative edges, positive edges, signed networks, status theory, structural balance, trust},
} 

@INPROCEEDINGS{Hasan06linkprediction,
    author = {Mohammad Al Hasan and Vineet Chaoji and Saeed Salem and Mohammed Zaki},
    title = {Link prediction using supervised learning},
    booktitle = {In Proc. of SDM 06 workshop on Link Analysis, Counterterrorism and Security},
    year = {2006}
}

@inproceedings{Chiang:2011:ELC:2063576.2063742,
 author = {Chiang, Kai-Yang and Natarajan, Nagarajan and Tewari, Ambuj and Dhillon, Inderjit S.},
 title = {Exploiting Longer Cycles for Link Prediction in Signed Networks},
 booktitle = {Proceedings of the 20th ACM International Conference on Information and Knowledge Management},
 series = {CIKM '11},
 year = {2011},
 isbn = {978-1-4503-0717-8},
 location = {Glasgow, Scotland, UK},
 pages = {1157--1162},
 numpages = {6},
 url = {http://doi.acm.org/10.1145/2063576.2063742},
 doi = {10.1145/2063576.2063742},
 acmid = {2063742},
 publisher = {ACM},
 address = {New York, NY, USA},
 keywords = {link \&\#38; graph mining, web \&\#38; social knowledge management},
} 

@article{DBLP:journals/corr/LiFS15,
  author    = {Zhepeng (Lionel) Li and
               Xiao Fang and
               Olivia R. Liu Sheng},
  title     = {A Survey of Link Recommendation for Social Networks: Methods, Theoretical
               Foundations, and Future Research Directions},
  journal   = {CoRR},
  volume    = {abs/1511.01868},
  year      = {2015},
  url       = {http://arxiv.org/abs/1511.01868},
  timestamp = {Wed, 07 Jun 2017 14:42:59 +0200},
  biburl    = {http://dblp.org/rec/bib/journals/corr/LiFS15},
  bibsource = {dblp computer science bibliography, http://dblp.org}
}

@inproceedings{Anderson:2012:EUS:2124295.2124378,
 author = {Anderson, Ashton and Huttenlocher, Daniel and Kleinberg, Jon and Leskovec, Jure},
 title = {Effects of User Similarity in Social Media},
 booktitle = {Proceedings of the Fifth ACM International Conference on Web Search and Data Mining},
 series = {WSDM '12},
 year = {2012},
 isbn = {978-1-4503-0747-5},
 location = {Seattle, Washington, USA},
 pages = {703--712},
 numpages = {10},
 url = {http://doi.acm.org/10.1145/2124295.2124378},
 doi = {10.1145/2124295.2124378},
 acmid = {2124378},
 publisher = {ACM},
 address = {New York, NY, USA},
 keywords = {ballot-blind prediction, status, user similarity, user-to-user evaluations},
} 

@inproceedings{Teng:2010:IRY:1863190.1863202,
 author = {Teng, Chun-Yuen and Lauterbach, Debra and Adamic, Lada A.},
 title = {I Rate You. You Rate Me. Should We Do So Publicly?},
 booktitle = {Proceedings of the 3rd Wonference on Online Social Networks},
 series = {WOSN'10},
 year = {2010},
 location = {Boston, MA},
 pages = {12--12},
 numpages = {1},
 url = {http://dl.acm.org/citation.cfm?id=1863190.1863202},
 acmid = {1863202},
 publisher = {USENIX Association},
 address = {Berkeley, CA, USA},
} 

@ARTICLE{Adamic01friendsand,
    author = {Lada A. Adamic and Eytan Adar},
    title = {Friends and Neighbors on the Web},
    journal = {SOCIAL NETWORKS},
    year = {2001},
    volume = {25},
    pages = {211--230}
}

@INPROCEEDINGS{5562752, 
author={N. Benchettara and R. Kanawati and C. Rouveirol}, 
booktitle={2010 International Conference on Advances in Social Networks Analysis and Mining}, 
title={Supervised Machine Learning Applied to Link Prediction in Bipartite Social Networks}, 
year={2010}, 
volume={}, 
number={}, 
pages={326-330}, 
keywords={graph theory;learning (artificial intelligence);social networking (online);bipartite graph;bipartite social networks;large scale two mode social network;link prediction;supervised machine learning;unimodal graph;Bipartite graph;Collaboration;Machine learning;Measurement;Predictive models;Social network services;Supervised learning;Link Prediction;bipartite graph;recommendation;supervised learning}, 
doi={10.1109/ASONAM.2010.87}, 
ISSN={}, 
month={Aug},}
